<?xml version="1.0" encoding="UTF-8"?><collection xmlns="http://www.loc.gov/MARC21/slim"><record><leader>00620nam--2200193-u-4500</leader><controlfield tag="001">000053516</controlfield><controlfield tag="002">20161230</controlfield><controlfield tag="005">20161230201051</controlfield><controlfield tag="008">110411s1000------------r-----000-0-eng-d</controlfield><datafield ind1=" " ind2=" " tag="020"><subfield code="a">093128807x</subfield></datafield><datafield ind1=" " ind2=" " tag="040"><subfield code="a">IFIN-HH</subfield></datafield><datafield ind1=" " ind2=" " tag="080"><subfield code="a">57.012.4:537.533.35</subfield></datafield><datafield ind1="1" ind2=" " tag="100"><subfield code="a">Becker, Robert P</subfield></datafield><datafield ind1="1" ind2="0" tag="245"><subfield code="a">Cell surface labeling</subfield><subfield code="b">Reprinted from scanning electron microscopy/1979/iii based on a workshop organized by e. de harven; m.k. nemanic</subfield><subfield code="c">Robert p. becker; om johari (eds.)</subfield></datafield><datafield ind1=" " ind2=" " tag="260"><subfield code="a">Amf O'Hare</subfield><subfield code="b">Sem, Inc</subfield><subfield code="c">1979</subfield></datafield><datafield ind1=" " ind2=" " tag="300"><subfield code="a">/537P./ 636P</subfield></datafield><datafield ind1="1" ind2=" " tag="700"><subfield code="a">Johari, Om</subfield></datafield><datafield ind1=" " ind2=" " tag="852"><subfield code="a">81238</subfield><subfield code="c">57</subfield></datafield><datafield ind1=" " ind2=" " tag="CAT"><subfield code="a">Sys</subfield><subfield code="c">20110411</subfield><subfield code="h">090750</subfield></datafield></record></collection>